%YAML 1.1
%TAG !u! tag:unity3d.com,2011:
--- !u!29 &1
OcclusionCullingSettings:
  m_ObjectHideFlags: 0
  serializedVersion: 2
  m_OcclusionBakeSettings:
    smallestOccluder: 5
    smallestHole: 0.25
    backfaceThreshold: 100
  m_SceneGUID: 00000000000000000000000000000000
  m_OcclusionCullingData: {fileID: 0}
--- !u!104 &2
RenderSettings:
  m_ObjectHideFlags: 0
  serializedVersion: 9
  m_Fog: 0
  m_FogColor: {r: 0.5, g: 0.5, b: 0.5, a: 1}
  m_FogMode: 3
  m_FogDensity: 0.01
  m_LinearFogStart: 0
  m_LinearFogEnd: 300
  m_AmbientSkyColor: {r: 0.212, g: 0.227, b: 0.259, a: 1}
  m_AmbientEquatorColor: {r: 0.114, g: 0.125, b: 0.133, a: 1}
  m_AmbientGroundColor: {r: 0.047, g: 0.043, b: 0.035, a: 1}
  m_AmbientIntensity: 1
  m_AmbientMode: 0
  m_SubtractiveShadowColor: {r: 0.42, g: 0.478, b: 0.627, a: 1}
  m_SkyboxMaterial: {fileID: 10304, guid: 0000000000000000f000000000000000, type: 0}
  m_HaloStrength: 0.5
  m_FlareStrength: 1
  m_FlareFadeSpeed: 3
  m_HaloTexture: {fileID: 0}
  m_SpotCookie: {fileID: 10001, guid: 0000000000000000e000000000000000, type: 0}
  m_DefaultReflectionMode: 0
  m_DefaultReflectionResolution: 128
  m_ReflectionBounces: 1
  m_ReflectionIntensity: 1
  m_CustomReflection: {fileID: 0}
  m_Sun: {fileID: 0}
  m_IndirectSpecularColor: {r: 0.1778924, g: 0.22272602, b: 0.30486196, a: 1}
  m_UseRadianceAmbientProbe: 0
--- !u!157 &3
LightmapSettings:
  m_ObjectHideFlags: 0
  serializedVersion: 11
  m_GIWorkflowMode: 0
  m_GISettings:
    serializedVersion: 2
    m_BounceScale: 1
    m_IndirectOutputScale: 1
    m_AlbedoBoost: 1
    m_EnvironmentLightingMode: 0
    m_EnableBakedLightmaps: 1
    m_EnableRealtimeLightmaps: 1
  m_LightmapEditorSettings:
    serializedVersion: 10
    m_Resolution: 2
    m_BakeResolution: 40
    m_AtlasSize: 1024
    m_AO: 0
    m_AOMaxDistance: 1
    m_CompAOExponent: 1
    m_CompAOExponentDirect: 0
    m_Padding: 2
    m_LightmapParameters: {fileID: 15200, guid: 0000000000000000f000000000000000,
      type: 0}
    m_LightmapsBakeMode: 1
    m_TextureCompression: 1
    m_FinalGather: 0
    m_FinalGatherFiltering: 1
    m_FinalGatherRayCount: 256
    m_ReflectionCompression: 2
    m_MixedBakeMode: 1
    m_BakeBackend: 2
    m_PVRSampling: 1
    m_PVRDirectSampleCount: 32
    m_PVRSampleCount: 500
    m_PVRBounces: 2
    m_PVRFilterTypeDirect: 0
    m_PVRFilterTypeIndirect: 0
    m_PVRFilterTypeAO: 0
    m_PVRFilteringMode: 0
    m_PVRCulling: 1
    m_PVRFilteringGaussRadiusDirect: 1
    m_PVRFilteringGaussRadiusIndirect: 5
    m_PVRFilteringGaussRadiusAO: 2
    m_PVRFilteringAtrousPositionSigmaDirect: 0.5
    m_PVRFilteringAtrousPositionSigmaIndirect: 2
    m_PVRFilteringAtrousPositionSigmaAO: 1
    m_ShowResolutionOverlay: 1
  m_LightingDataAsset: {fileID: 0}
  m_UseShadowmask: 0
--- !u!196 &4
NavMeshSettings:
  serializedVersion: 2
  m_ObjectHideFlags: 0
  m_BuildSettings:
    serializedVersion: 2
    agentTypeID: 0
    agentRadius: 0.5
    agentHeight: 2
    agentSlope: 45
    agentClimb: 0.4
    ledgeDropHeight: 0
    maxJumpAcrossDistance: 0
    minRegionArea: 2
    manualCellSize: 0
    cellSize: 0.16666667
    manualTileSize: 0
    tileSize: 256
    accuratePlacement: 0
    debug:
      m_Flags: 0
  m_NavMeshData: {fileID: 0}
--- !u!1001 &64409637
PrefabInstance:
  m_ObjectHideFlags: 0
  serializedVersion: 2
  m_Modification:
    m_TransformParent: {fileID: 0}
    m_Modifications:
    - target: {fileID: 1000010671269162, guid: 537ab85af9f24fe42aeca34f12e70e40, type: 3}
      propertyPath: m_StaticEditorFlags
      value: 4294967295
      objectReference: {fileID: 0}
    - target: {fileID: 4000013994549282, guid: 537ab85af9f24fe42aeca34f12e70e40, type: 3}
      propertyPath: m_LocalPosition.x
      value: -0.14
      objectReference: {fileID: 0}
    - target: {fileID: 4000013994549282, guid: 537ab85af9f24fe42aeca34f12e70e40, type: 3}
      propertyPath: m_LocalPosition.y
      value: 0
      objectReference: {fileID: 0}
    - target: {fileID: 4000013994549282, guid: 537ab85af9f24fe42aeca34f12e70e40, type: 3}
      propertyPath: m_LocalPosition.z
      value: -0.185
      objectReference: {fileID: 0}
    - target: {fileID: 4000013994549282, guid: 537ab85af9f24fe42aeca34f12e70e40, type: 3}
      propertyPath: m_LocalRotation.x
      value: 0
      objectReference: {fileID: 0}
    - target: {fileID: 4000013994549282, guid: 537ab85af9f24fe42aeca34f12e70e40, type: 3}
      propertyPath: m_LocalRotation.y
      value: 0
      objectReference: {fileID: 0}
    - target: {fileID: 4000013994549282, guid: 537ab85af9f24fe42aeca34f12e70e40, type: 3}
      propertyPath: m_LocalRotation.z
      value: 0
      objectReference: {fileID: 0}
    - target: {fileID: 4000013994549282, guid: 537ab85af9f24fe42aeca34f12e70e40, type: 3}
      propertyPath: m_LocalRotation.w
      value: 1
      objectReference: {fileID: 0}
    - target: {fileID: 4000013994549282, guid: 537ab85af9f24fe42aeca34f12e70e40, type: 3}
      propertyPath: m_RootOrder
      value: 15
      objectReference: {fileID: 0}
    m_RemovedComponents: []
  m_SourcePrefab: {fileID: 100100000, guid: 537ab85af9f24fe42aeca34f12e70e40, type: 3}
--- !u!1001 &111497016
PrefabInstance:
  m_ObjectHideFlags: 0
  serializedVersion: 2
  m_Modification:
    m_TransformParent: {fileID: 0}
    m_Modifications:
    - target: {fileID: 1000013166527964, guid: 0a2dc1ad5bdadac469dbbf86dbb08eb9, type: 3}
      propertyPath: m_StaticEditorFlags
      value: 4294967295
      objectReference: {fileID: 0}
    - target: {fileID: 4000012108027460, guid: 0a2dc1ad5bdadac469dbbf86dbb08eb9, type: 3}
      propertyPath: m_LocalPosition.x
      value: -0.005631483
      objectReference: {fileID: 0}
    - target: {fileID: 4000012108027460, guid: 0a2dc1ad5bdadac469dbbf86dbb08eb9, type: 3}
      propertyPath: m_LocalPosition.y
      value: -0.047711413
      objectReference: {fileID: 0}
    - target: {fileID: 4000012108027460, guid: 0a2dc1ad5bdadac469dbbf86dbb08eb9, type: 3}
      propertyPath: m_LocalPosition.z
      value: -0.21303414
      objectReference: {fileID: 0}
    - target: {fileID: 4000012108027460, guid: 0a2dc1ad5bdadac469dbbf86dbb08eb9, type: 3}
      propertyPath: m_LocalRotation.x
      value: 0.000000021855694
      objectReference: {fileID: 0}
    - target: {fileID: 4000012108027460, guid: 0a2dc1ad5bdadac469dbbf86dbb08eb9, type: 3}
      propertyPath: m_LocalRotation.y
      value: 0
      objectReference: {fileID: 0}
    - target: {fileID: 4000012108027460, guid: 0a2dc1ad5bdadac469dbbf86dbb08eb9, type: 3}
      propertyPath: m_LocalRotation.z
      value: -0
      objectReference: {fileID: 0}
    - target: {fileID: 4000012108027460, guid: 0a2dc1ad5bdadac469dbbf86dbb08eb9, type: 3}
      propertyPath: m_LocalRotation.w
      value: 1
      objectReference: {fileID: 0}
    - target: {fileID: 4000012108027460, guid: 0a2dc1ad5bdadac469dbbf86dbb08eb9, type: 3}
      propertyPath: m_RootOrder
      value: 16
      objectReference: {fileID: 0}
    m_RemovedComponents: []
  m_SourcePrefab: {fileID: 100100000, guid: 0a2dc1ad5bdadac469dbbf86dbb08eb9, type: 3}
--- !u!1 &230918312
GameObject:
  m_ObjectHideFlags: 0
  m_CorrespondingSourceObject: {fileID: 0}
  m_PrefabInstance: {fileID: 0}
  m_PrefabAsset: {fileID: 0}
  serializedVersion: 6
  m_Component:
  - component: {fileID: 230918314}
  - component: {fileID: 230918313}
  m_Layer: 8
  m_Name: PostProcess
  m_TagString: Untagged
  m_Icon: {fileID: 0}
  m_NavMeshLayer: 0
  m_StaticEditorFlags: 0
  m_IsActive: 1
--- !u!114 &230918313
MonoBehaviour:
  m_ObjectHideFlags: 0
  m_CorrespondingSourceObject: {fileID: 0}
  m_PrefabInstance: {fileID: 0}
  m_PrefabAsset: {fileID: 0}
  m_GameObject: {fileID: 230918312}
  m_Enabled: 1
  m_EditorHideFlags: 0
  m_Script: {fileID: 11500000, guid: 8b9a305e18de0c04dbd257a21cd47087, type: 3}
  m_Name: 
  m_EditorClassIdentifier: 
  sharedProfile: {fileID: 11400000, guid: e8971ea598e98a746868d89bfdb4474b, type: 2}
  isGlobal: 1
  blendDistance: 0
  weight: 1
  priority: 0
--- !u!4 &230918314
Transform:
  m_ObjectHideFlags: 0
  m_CorrespondingSourceObject: {fileID: 0}
  m_PrefabInstance: {fileID: 0}
  m_PrefabAsset: {fileID: 0}
  m_GameObject: {fileID: 230918312}
  m_LocalRotation: {x: 0, y: 0, z: 0, w: 1}
  m_LocalPosition: {x: 0.215, y: 2.553, z: -1.287}
  m_LocalScale: {x: 1, y: 1, z: 1}
  m_Children: []
  m_Father: {fileID: 0}
  m_RootOrder: 19
  m_LocalEulerAnglesHint: {x: 0, y: 0, z: 0}
--- !u!1001 &380258076
PrefabInstance:
  m_ObjectHideFlags: 0
  serializedVersion: 2
  m_Modification:
    m_TransformParent: {fileID: 0}
    m_Modifications:
    - target: {fileID: 1000010297929006, guid: 436e0a09a3d234b42b4637838878fd88, type: 3}
      propertyPath: m_StaticEditorFlags
      value: 4294967295
      objectReference: {fileID: 0}
    - target: {fileID: 4000010589993754, guid: 436e0a09a3d234b42b4637838878fd88, type: 3}
      propertyPath: m_LocalPosition.x
      value: 1.742
      objectReference: {fileID: 0}
    - target: {fileID: 4000010589993754, guid: 436e0a09a3d234b42b4637838878fd88, type: 3}
      propertyPath: m_LocalPosition.y
      value: -0.048505597
      objectReference: {fileID: 0}
    - target: {fileID: 4000010589993754, guid: 436e0a09a3d234b42b4637838878fd88, type: 3}
      propertyPath: m_LocalPosition.z
      value: -0.809
      objectReference: {fileID: 0}
    - target: {fileID: 4000010589993754, guid: 436e0a09a3d234b42b4637838878fd88, type: 3}
      propertyPath: m_LocalRotation.x
      value: -0
      objectReference: {fileID: 0}
    - target: {fileID: 4000010589993754, guid: 436e0a09a3d234b42b4637838878fd88, type: 3}
      propertyPath: m_LocalRotation.y
      value: -0
      objectReference: {fileID: 0}
    - target: {fileID: 4000010589993754, guid: 436e0a09a3d234b42b4637838878fd88, type: 3}
      propertyPath: m_LocalRotation.z
      value: -0.63598084
      objectReference: {fileID: 0}
    - target: {fileID: 4000010589993754, guid: 436e0a09a3d234b42b4637838878fd88, type: 3}
      propertyPath: m_LocalRotation.w
      value: 0.7717049
      objectReference: {fileID: 0}
    - target: {fileID: 4000010589993754, guid: 436e0a09a3d234b42b4637838878fd88, type: 3}
      propertyPath: m_RootOrder
      value: 10
      objectReference: {fileID: 0}
    - target: {fileID: 4000010589993754, guid: 436e0a09a3d234b42b4637838878fd88, type: 3}
      propertyPath: m_LocalEulerAnglesHint.z
      value: -79.256004
      objectReference: {fileID: 0}
    m_RemovedComponents: []
  m_SourcePrefab: {fileID: 100100000, guid: 436e0a09a3d234b42b4637838878fd88, type: 3}
--- !u!1001 &438318156
PrefabInstance:
  m_ObjectHideFlags: 0
  serializedVersion: 2
  m_Modification:
    m_TransformParent: {fileID: 0}
    m_Modifications:
    - target: {fileID: 1000010884548538, guid: 70870a0dc2abff84c9a4587c5beb11d2, type: 3}
      propertyPath: m_StaticEditorFlags
      value: 4294967295
      objectReference: {fileID: 0}
    - target: {fileID: 4000010950754136, guid: 70870a0dc2abff84c9a4587c5beb11d2, type: 3}
      propertyPath: m_LocalPosition.x
      value: 0.731
      objectReference: {fileID: 0}
    - target: {fileID: 4000010950754136, guid: 70870a0dc2abff84c9a4587c5beb11d2, type: 3}
      propertyPath: m_LocalPosition.y
      value: 0
      objectReference: {fileID: 0}
    - target: {fileID: 4000010950754136, guid: 70870a0dc2abff84c9a4587c5beb11d2, type: 3}
      propertyPath: m_LocalPosition.z
      value: -0.026
      objectReference: {fileID: 0}
    - target: {fileID: 4000010950754136, guid: 70870a0dc2abff84c9a4587c5beb11d2, type: 3}
      propertyPath: m_LocalRotation.x
      value: 0
      objectReference: {fileID: 0}
    - target: {fileID: 4000010950754136, guid: 70870a0dc2abff84c9a4587c5beb11d2, type: 3}
      propertyPath: m_LocalRotation.y
      value: 0
      objectReference: {fileID: 0}
    - target: {fileID: 4000010950754136, guid: 70870a0dc2abff84c9a4587c5beb11d2, type: 3}
      propertyPath: m_LocalRotation.z
      value: 0
      objectReference: {fileID: 0}
    - target: {fileID: 4000010950754136, guid: 70870a0dc2abff84c9a4587c5beb11d2, type: 3}
      propertyPath: m_LocalRotation.w
      value: 1
      objectReference: {fileID: 0}
    - target: {fileID: 4000010950754136, guid: 70870a0dc2abff84c9a4587c5beb11d2, type: 3}
      propertyPath: m_RootOrder
      value: 8
      objectReference: {fileID: 0}
    - target: {fileID: 1000013300987128, guid: 70870a0dc2abff84c9a4587c5beb11d2, type: 3}
      propertyPath: m_StaticEditorFlags
      value: 4294967295
      objectReference: {fileID: 0}
    - target: {fileID: 1000013132658670, guid: 70870a0dc2abff84c9a4587c5beb11d2, type: 3}
      propertyPath: m_StaticEditorFlags
      value: 4294967295
      objectReference: {fileID: 0}
    - target: {fileID: 1000014122037732, guid: 70870a0dc2abff84c9a4587c5beb11d2, type: 3}
      propertyPath: m_StaticEditorFlags
      value: 4294967295
      objectReference: {fileID: 0}
    m_RemovedComponents: []
  m_SourcePrefab: {fileID: 100100000, guid: 70870a0dc2abff84c9a4587c5beb11d2, type: 3}
--- !u!1001 &495363662
PrefabInstance:
  m_ObjectHideFlags: 0
  serializedVersion: 2
  m_Modification:
    m_TransformParent: {fileID: 0}
    m_Modifications:
    - target: {fileID: 1000013001368186, guid: 19beb85d8f56e574987d73e691a34415, type: 3}
      propertyPath: m_StaticEditorFlags
      value: 4294967295
      objectReference: {fileID: 0}
    - target: {fileID: 4000010445888276, guid: 19beb85d8f56e574987d73e691a34415, type: 3}
      propertyPath: m_LocalPosition.x
      value: -0.308
      objectReference: {fileID: 0}
    - target: {fileID: 4000010445888276, guid: 19beb85d8f56e574987d73e691a34415, type: 3}
      propertyPath: m_LocalPosition.y
      value: 0.000072634655
      objectReference: {fileID: 0}
    - target: {fileID: 4000010445888276, guid: 19beb85d8f56e574987d73e691a34415, type: 3}
      propertyPath: m_LocalPosition.z
      value: -0.196
      objectReference: {fileID: 0}
    - target: {fileID: 4000010445888276, guid: 19beb85d8f56e574987d73e691a34415, type: 3}
      propertyPath: m_LocalRotation.x
      value: 0.000000021855694
      objectReference: {fileID: 0}
    - target: {fileID: 4000010445888276, guid: 19beb85d8f56e574987d73e691a34415, type: 3}
      propertyPath: m_LocalRotation.y
      value: 0
      objectReference: {fileID: 0}
    - target: {fileID: 4000010445888276, guid: 19beb85d8f56e574987d73e691a34415, type: 3}
      propertyPath: m_LocalRotation.z
      value: -0
      objectReference: {fileID: 0}
    - target: {fileID: 4000010445888276, guid: 19beb85d8f56e574987d73e691a34415, type: 3}
      propertyPath: m_LocalRotation.w
      value: 1
      objectReference: {fileID: 0}
    - target: {fileID: 4000010445888276, guid: 19beb85d8f56e574987d73e691a34415, type: 3}
      propertyPath: m_RootOrder
      value: 13
      objectReference: {fileID: 0}
    m_RemovedComponents: []
  m_SourcePrefab: {fileID: 100100000, guid: 19beb85d8f56e574987d73e691a34415, type: 3}
--- !u!1 &526079165
GameObject:
  m_ObjectHideFlags: 0
  m_CorrespondingSourceObject: {fileID: 0}
  m_PrefabInstance: {fileID: 0}
  m_PrefabAsset: {fileID: 0}
  serializedVersion: 6
  m_Component:
  - component: {fileID: 526079170}
  - component: {fileID: 526079169}
  - component: {fileID: 526079168}
  - component: {fileID: 526079167}
  - component: {fileID: 526079166}
  - component: {fileID: 526079171}
  m_Layer: 8
  m_Name: Main Camera
  m_TagString: MainCamera
  m_Icon: {fileID: 0}
  m_NavMeshLayer: 0
  m_StaticEditorFlags: 0
  m_IsActive: 1
--- !u!81 &526079166
AudioListener:
  m_ObjectHideFlags: 0
  m_CorrespondingSourceObject: {fileID: 0}
  m_PrefabInstance: {fileID: 0}
  m_PrefabAsset: {fileID: 0}
  m_GameObject: {fileID: 526079165}
  m_Enabled: 1
--- !u!124 &526079167
Behaviour:
  m_ObjectHideFlags: 0
  m_CorrespondingSourceObject: {fileID: 0}
  m_PrefabInstance: {fileID: 0}
  m_PrefabAsset: {fileID: 0}
  m_GameObject: {fileID: 526079165}
  m_Enabled: 1
--- !u!92 &526079168
Behaviour:
  m_ObjectHideFlags: 0
  m_CorrespondingSourceObject: {fileID: 0}
  m_PrefabInstance: {fileID: 0}
  m_PrefabAsset: {fileID: 0}
  m_GameObject: {fileID: 526079165}
  m_Enabled: 1
--- !u!20 &526079169
Camera:
  m_ObjectHideFlags: 0
  m_CorrespondingSourceObject: {fileID: 0}
  m_PrefabInstance: {fileID: 0}
  m_PrefabAsset: {fileID: 0}
  m_GameObject: {fileID: 526079165}
  m_Enabled: 1
  serializedVersion: 2
  m_ClearFlags: 1
  m_BackGroundColor: {r: 0.19215687, g: 0.3019608, b: 0.4745098, a: 0}
  m_projectionMatrixMode: 1
  m_SensorSize: {x: 36, y: 24}
  m_LensShift: {x: 0, y: 0}
  m_GateFitMode: 2
  m_FocalLength: 50
  m_NormalizedViewPortRect:
    serializedVersion: 2
    x: 0
    y: 0
    width: 1
    height: 1
  near clip plane: 0.3
  far clip plane: 1000
  field of view: 60
  orthographic: 0
  orthographic size: 5
  m_Depth: -1
  m_CullingMask:
    serializedVersion: 2
    m_Bits: 4294967295
  m_RenderingPath: 1
  m_TargetTexture: {fileID: 0}
  m_TargetDisplay: 0
  m_TargetEye: 3
  m_HDR: 0
  m_AllowMSAA: 1
  m_AllowDynamicResolution: 0
  m_ForceIntoRT: 1
  m_OcclusionCulling: 1
  m_StereoConvergence: 10
  m_StereoSeparation: 0.022
--- !u!4 &526079170
Transform:
  m_ObjectHideFlags: 0
  m_CorrespondingSourceObject: {fileID: 0}
  m_PrefabInstance: {fileID: 0}
  m_PrefabAsset: {fileID: 0}
  m_GameObject: {fileID: 526079165}
  m_LocalRotation: {x: 0.2613809, y: 0.610827, z: -0.22390997, w: 0.7130461}
  m_LocalPosition: {x: -2.52, y: 1.29, z: -0.25}
  m_LocalScale: {x: 1, y: 1, z: 1}
  m_Children: []
  m_Father: {fileID: 0}
  m_RootOrder: 0
  m_LocalEulerAnglesHint: {x: 40.263, y: 81.170006, z: 0}
--- !u!114 &526079171
MonoBehaviour:
  m_ObjectHideFlags: 0
  m_CorrespondingSourceObject: {fileID: 0}
  m_PrefabInstance: {fileID: 0}
  m_PrefabAsset: {fileID: 0}
  m_GameObject: {fileID: 526079165}
  m_Enabled: 1
  m_EditorHideFlags: 0
  m_Script: {fileID: 11500000, guid: 948f4100a11a5c24981795d21301da5c, type: 3}
  m_Name: 
  m_EditorClassIdentifier: 
  volumeTrigger: {fileID: 526079170}
  volumeLayer:
    serializedVersion: 2
    m_Bits: 256
  stopNaNPropagation: 1
  finalBlitToCameraTarget: 0
  antialiasingMode: 0
  temporalAntialiasing:
    jitterSpread: 0.75
    sharpness: 0.25
    stationaryBlending: 0.95
    motionBlending: 0.85
  subpixelMorphologicalAntialiasing:
    quality: 2
  fastApproximateAntialiasing:
    fastMode: 0
    keepAlpha: 0
  fog:
    enabled: 1
    excludeSkybox: 1
  debugLayer:
    lightMeter:
      width: 512
      height: 256
      showCurves: 1
    histogram:
      width: 512
      height: 256
      channel: 3
    waveform:
      exposure: 0.12
      height: 256
    vectorscope:
      size: 256
      exposure: 0.12
    overlaySettings:
      linearDepth: 0
      motionColorIntensity: 4
      motionGridSize: 64
      colorBlindnessType: 0
      colorBlindnessStrength: 1
  m_Resources: {fileID: 11400000, guid: d82512f9c8e5d4a4d938b575d47f88d4, type: 2}
  m_ShowToolkit: 1
  m_ShowCustomSorter: 1
  breakBeforeColorGrading: 0
  m_BeforeTransparentBundles: []
  m_BeforeStackBundles: []
  m_AfterStackBundles: []
--- !u!1001 &607029503
PrefabInstance:
  m_ObjectHideFlags: 0
  serializedVersion: 2
  m_Modification:
    m_TransformParent: {fileID: 0}
    m_Modifications:
    - target: {fileID: 1000014031835130, guid: ebcc6d962399b194e8f25886f0cd0762, type: 3}
      propertyPath: m_StaticEditorFlags
      value: 4294967295
      objectReference: {fileID: 0}
    - target: {fileID: 4000014103337076, guid: ebcc6d962399b194e8f25886f0cd0762, type: 3}
      propertyPath: m_LocalPosition.x
      value: -0.551
      objectReference: {fileID: 0}
    - target: {fileID: 4000014103337076, guid: ebcc6d962399b194e8f25886f0cd0762, type: 3}
      propertyPath: m_LocalPosition.y
      value: 0
      objectReference: {fileID: 0}
    - target: {fileID: 4000014103337076, guid: ebcc6d962399b194e8f25886f0cd0762, type: 3}
      propertyPath: m_LocalPosition.z
      value: 0
      objectReference: {fileID: 0}
    - target: {fileID: 4000014103337076, guid: ebcc6d962399b194e8f25886f0cd0762, type: 3}
      propertyPath: m_LocalRotation.x
      value: 0
      objectReference: {fileID: 0}
    - target: {fileID: 4000014103337076, guid: ebcc6d962399b194e8f25886f0cd0762, type: 3}
      propertyPath: m_LocalRotation.y
      value: 0
      objectReference: {fileID: 0}
    - target: {fileID: 4000014103337076, guid: ebcc6d962399b194e8f25886f0cd0762, type: 3}
      propertyPath: m_LocalRotation.z
      value: 0
      objectReference: {fileID: 0}
    - target: {fileID: 4000014103337076, guid: ebcc6d962399b194e8f25886f0cd0762, type: 3}
      propertyPath: m_LocalRotation.w
      value: 1
      objectReference: {fileID: 0}
    - target: {fileID: 4000014103337076, guid: ebcc6d962399b194e8f25886f0cd0762, type: 3}
      propertyPath: m_RootOrder
      value: 6
      objectReference: {fileID: 0}
    - target: {fileID: 1000013181840642, guid: ebcc6d962399b194e8f25886f0cd0762, type: 3}
      propertyPath: m_StaticEditorFlags
      value: 4294967295
      objectReference: {fileID: 0}
    - target: {fileID: 1000013498924186, guid: ebcc6d962399b194e8f25886f0cd0762, type: 3}
      propertyPath: m_StaticEditorFlags
      value: 4294967295
      objectReference: {fileID: 0}
    m_RemovedComponents: []
  m_SourcePrefab: {fileID: 100100000, guid: ebcc6d962399b194e8f25886f0cd0762, type: 3}
--- !u!1001 &661510327
PrefabInstance:
  m_ObjectHideFlags: 0
  serializedVersion: 2
  m_Modification:
    m_TransformParent: {fileID: 0}
    m_Modifications:
    - target: {fileID: 1000011343778870, guid: 77496b3371ad12e44a303ff403f0596b, type: 3}
      propertyPath: m_StaticEditorFlags
      value: 4294967295
      objectReference: {fileID: 0}
    - target: {fileID: 4000010046898324, guid: 77496b3371ad12e44a303ff403f0596b, type: 3}
      propertyPath: m_LocalPosition.x
      value: 0.506
      objectReference: {fileID: 0}
    - target: {fileID: 4000010046898324, guid: 77496b3371ad12e44a303ff403f0596b, type: 3}
      propertyPath: m_LocalPosition.y
      value: 0
      objectReference: {fileID: 0}
    - target: {fileID: 4000010046898324, guid: 77496b3371ad12e44a303ff403f0596b, type: 3}
      propertyPath: m_LocalPosition.z
      value: 0
      objectReference: {fileID: 0}
    - target: {fileID: 4000010046898324, guid: 77496b3371ad12e44a303ff403f0596b, type: 3}
      propertyPath: m_LocalRotation.x
      value: 0.000000021855694
      objectReference: {fileID: 0}
    - target: {fileID: 4000010046898324, guid: 77496b3371ad12e44a303ff403f0596b, type: 3}
      propertyPath: m_LocalRotation.y
      value: 0
      objectReference: {fileID: 0}
    - target: {fileID: 4000010046898324, guid: 77496b3371ad12e44a303ff403f0596b, type: 3}
      propertyPath: m_LocalRotation.z
      value: -0
      objectReference: {fileID: 0}
    - target: {fileID: 4000010046898324, guid: 77496b3371ad12e44a303ff403f0596b, type: 3}
      propertyPath: m_LocalRotation.w
      value: 1
      objectReference: {fileID: 0}
    - target: {fileID: 4000010046898324, guid: 77496b3371ad12e44a303ff403f0596b, type: 3}
      propertyPath: m_RootOrder
      value: 18
      objectReference: {fileID: 0}
    m_RemovedComponents: []
  m_SourcePrefab: {fileID: 100100000, guid: 77496b3371ad12e44a303ff403f0596b, type: 3}
--- !u!1 &827681550
GameObject:
  m_ObjectHideFlags: 0
  m_CorrespondingSourceObject: {fileID: 0}
  m_PrefabInstance: {fileID: 0}
  m_PrefabAsset: {fileID: 0}
  serializedVersion: 6
  m_Component:
  - component: {fileID: 827681554}
  - component: {fileID: 827681553}
  - component: {fileID: 827681552}
  - component: {fileID: 827681551}
  m_Layer: 0
  m_Name: Plane
  m_TagString: Untagged
  m_Icon: {fileID: 0}
  m_NavMeshLayer: 0
  m_StaticEditorFlags: 4294967295
  m_IsActive: 1
--- !u!23 &827681551
MeshRenderer:
  m_ObjectHideFlags: 0
  m_CorrespondingSourceObject: {fileID: 0}
  m_PrefabInstance: {fileID: 0}
  m_PrefabAsset: {fileID: 0}
  m_GameObject: {fileID: 827681550}
  m_Enabled: 1
  m_CastShadows: 1
  m_ReceiveShadows: 1
  m_DynamicOccludee: 1
  m_MotionVectors: 1
  m_LightProbeUsage: 1
  m_ReflectionProbeUsage: 1
  m_RenderingLayerMask: 1
  m_RendererPriority: 0
  m_Materials:
  - {fileID: 10303, guid: 0000000000000000f000000000000000, type: 0}
  m_StaticBatchInfo:
    firstSubMesh: 0
    subMeshCount: 0
  m_StaticBatchRoot: {fileID: 0}
  m_ProbeAnchor: {fileID: 0}
  m_LightProbeVolumeOverride: {fileID: 0}
  m_ScaleInLightmap: 1
  m_PreserveUVs: 1
  m_IgnoreNormalsForChartDetection: 0
  m_ImportantGI: 0
  m_StitchLightmapSeams: 0
  m_SelectedEditorRenderState: 3
  m_MinimumChartSize: 4
  m_AutoUVMaxDistance: 0.5
  m_AutoUVMaxAngle: 89
  m_LightmapParameters: {fileID: 0}
  m_SortingLayerID: 0
  m_SortingLayer: 0
  m_SortingOrder: 0
--- !u!64 &827681552
MeshCollider:
  m_ObjectHideFlags: 0
  m_CorrespondingSourceObject: {fileID: 0}
  m_PrefabInstance: {fileID: 0}
  m_PrefabAsset: {fileID: 0}
  m_GameObject: {fileID: 827681550}
  m_Material: {fileID: 0}
  m_IsTrigger: 0
  m_Enabled: 1
  serializedVersion: 3
  m_Convex: 0
  m_CookingOptions: 14
  m_Mesh: {fileID: 10209, guid: 0000000000000000e000000000000000, type: 0}
--- !u!33 &827681553
MeshFilter:
  m_ObjectHideFlags: 0
  m_CorrespondingSourceObject: {fileID: 0}
  m_PrefabInstance: {fileID: 0}
  m_PrefabAsset: {fileID: 0}
  m_GameObject: {fileID: 827681550}
  m_Mesh: {fileID: 10209, guid: 0000000000000000e000000000000000, type: 0}
--- !u!4 &827681554
Transform:
  m_ObjectHideFlags: 0
  m_CorrespondingSourceObject: {fileID: 0}
  m_PrefabInstance: {fileID: 0}
  m_PrefabAsset: {fileID: 0}
  m_GameObject: {fileID: 827681550}
  m_LocalRotation: {x: 0, y: 0, z: 0, w: 1}
  m_LocalPosition: {x: 0, y: -0.91, z: 0}
  m_LocalScale: {x: 1, y: 1, z: 1}
  m_Children: []
  m_Father: {fileID: 0}
  m_RootOrder: 2
  m_LocalEulerAnglesHint: {x: 0, y: 0, z: 0}
--- !u!1001 &914923001
PrefabInstance:
  m_ObjectHideFlags: 0
  serializedVersion: 2
  m_Modification:
    m_TransformParent: {fileID: 0}
    m_Modifications:
    - target: {fileID: 1000010583752536, guid: ea9c866d97c43a24e991178274945176, type: 3}
      propertyPath: m_StaticEditorFlags
      value: 4294967295
      objectReference: {fileID: 0}
    - target: {fileID: 4000014077876952, guid: ea9c866d97c43a24e991178274945176, type: 3}
      propertyPath: m_LocalPosition.x
      value: -0.383
      objectReference: {fileID: 0}
    - target: {fileID: 4000014077876952, guid: ea9c866d97c43a24e991178274945176, type: 3}
      propertyPath: m_LocalPosition.y
      value: 0
      objectReference: {fileID: 0}
    - target: {fileID: 4000014077876952, guid: ea9c866d97c43a24e991178274945176, type: 3}
      propertyPath: m_LocalPosition.z
      value: -0.002
      objectReference: {fileID: 0}
    - target: {fileID: 4000014077876952, guid: ea9c866d97c43a24e991178274945176, type: 3}
      propertyPath: m_LocalRotation.x
      value: 0
      objectReference: {fileID: 0}
    - target: {fileID: 4000014077876952, guid: ea9c866d97c43a24e991178274945176, type: 3}
      propertyPath: m_LocalRotation.y
      value: 0
      objectReference: {fileID: 0}
    - target: {fileID: 4000014077876952, guid: ea9c866d97c43a24e991178274945176, type: 3}
      propertyPath: m_LocalRotation.z
      value: 0
      objectReference: {fileID: 0}
    - target: {fileID: 4000014077876952, guid: ea9c866d97c43a24e991178274945176, type: 3}
      propertyPath: m_LocalRotation.w
      value: 1
      objectReference: {fileID: 0}
    - target: {fileID: 4000014077876952, guid: ea9c866d97c43a24e991178274945176, type: 3}
      propertyPath: m_RootOrder
      value: 12
      objectReference: {fileID: 0}
    m_RemovedComponents: []
  m_SourcePrefab: {fileID: 100100000, guid: ea9c866d97c43a24e991178274945176, type: 3}
--- !u!1001 &1002569455
PrefabInstance:
  m_ObjectHideFlags: 0
  serializedVersion: 2
  m_Modification:
    m_TransformParent: {fileID: 0}
    m_Modifications:
    - target: {fileID: 1968301911228824, guid: 5f51a2d72c55f9f4788ea118ddccce4a, type: 3}
      propertyPath: m_StaticEditorFlags
      value: 4294967295
      objectReference: {fileID: 0}
    - target: {fileID: 4521960353665844, guid: 5f51a2d72c55f9f4788ea118ddccce4a, type: 3}
      propertyPath: m_LocalPosition.x
      value: 1.125
      objectReference: {fileID: 0}
    - target: {fileID: 4521960353665844, guid: 5f51a2d72c55f9f4788ea118ddccce4a, type: 3}
      propertyPath: m_LocalPosition.y
      value: 0
      objectReference: {fileID: 0}
    - target: {fileID: 4521960353665844, guid: 5f51a2d72c55f9f4788ea118ddccce4a, type: 3}
      propertyPath: m_LocalPosition.z
      value: 0
      objectReference: {fileID: 0}
    - target: {fileID: 4521960353665844, guid: 5f51a2d72c55f9f4788ea118ddccce4a, type: 3}
      propertyPath: m_LocalRotation.x
      value: 0
      objectReference: {fileID: 0}
    - target: {fileID: 4521960353665844, guid: 5f51a2d72c55f9f4788ea118ddccce4a, type: 3}
      propertyPath: m_LocalRotation.y
      value: 0
      objectReference: {fileID: 0}
    - target: {fileID: 4521960353665844, guid: 5f51a2d72c55f9f4788ea118ddccce4a, type: 3}
      propertyPath: m_LocalRotation.z
      value: 0
      objectReference: {fileID: 0}
    - target: {fileID: 4521960353665844, guid: 5f51a2d72c55f9f4788ea118ddccce4a, type: 3}
      propertyPath: m_LocalRotation.w
      value: 1
      objectReference: {fileID: 0}
    - target: {fileID: 4521960353665844, guid: 5f51a2d72c55f9f4788ea118ddccce4a, type: 3}
      propertyPath: m_RootOrder
      value: 9
      objectReference: {fileID: 0}
    - target: {fileID: 1666047795811092, guid: 5f51a2d72c55f9f4788ea118ddccce4a, type: 3}
      propertyPath: m_StaticEditorFlags
      value: 4294967295
      objectReference: {fileID: 0}
    - target: {fileID: 1672714790768352, guid: 5f51a2d72c55f9f4788ea118ddccce4a, type: 3}
      propertyPath: m_StaticEditorFlags
      value: 4294967295
      objectReference: {fileID: 0}
    m_RemovedComponents: []
  m_SourcePrefab: {fileID: 100100000, guid: 5f51a2d72c55f9f4788ea118ddccce4a, type: 3}
--- !u!1001 &1277366843
PrefabInstance:
  m_ObjectHideFlags: 0
  serializedVersion: 2
  m_Modification:
    m_TransformParent: {fileID: 0}
    m_Modifications:
    - target: {fileID: 1000010148899198, guid: 3fe5e5b169873104ca3a52a601994ea5, type: 3}
      propertyPath: m_StaticEditorFlags
      value: 4294967295
      objectReference: {fileID: 0}
    - target: {fileID: 4000012657785910, guid: 3fe5e5b169873104ca3a52a601994ea5, type: 3}
      propertyPath: m_LocalPosition.x
      value: -1.062
      objectReference: {fileID: 0}
    - target: {fileID: 4000012657785910, guid: 3fe5e5b169873104ca3a52a601994ea5, type: 3}
      propertyPath: m_LocalPosition.y
      value: 0
      objectReference: {fileID: 0}
    - target: {fileID: 4000012657785910, guid: 3fe5e5b169873104ca3a52a601994ea5, type: 3}
      propertyPath: m_LocalPosition.z
      value: 0
      objectReference: {fileID: 0}
    - target: {fileID: 4000012657785910, guid: 3fe5e5b169873104ca3a52a601994ea5, type: 3}
      propertyPath: m_LocalRotation.x
      value: 0
      objectReference: {fileID: 0}
    - target: {fileID: 4000012657785910, guid: 3fe5e5b169873104ca3a52a601994ea5, type: 3}
      propertyPath: m_LocalRotation.y
      value: 0
      objectReference: {fileID: 0}
    - target: {fileID: 4000012657785910, guid: 3fe5e5b169873104ca3a52a601994ea5, type: 3}
      propertyPath: m_LocalRotation.z
      value: 0
      objectReference: {fileID: 0}
    - target: {fileID: 4000012657785910, guid: 3fe5e5b169873104ca3a52a601994ea5, type: 3}
      propertyPath: m_LocalRotation.w
      value: 1
      objectReference: {fileID: 0}
    - target: {fileID: 4000012657785910, guid: 3fe5e5b169873104ca3a52a601994ea5, type: 3}
      propertyPath: m_RootOrder
      value: 7
      objectReference: {fileID: 0}
    - target: {fileID: 1000011325016826, guid: 3fe5e5b169873104ca3a52a601994ea5, type: 3}
      propertyPath: m_StaticEditorFlags
      value: 4294967295
      objectReference: {fileID: 0}
    - target: {fileID: 1000010756682106, guid: 3fe5e5b169873104ca3a52a601994ea5, type: 3}
      propertyPath: m_StaticEditorFlags
      value: 4294967295
      objectReference: {fileID: 0}
    m_RemovedComponents: []
  m_SourcePrefab: {fileID: 100100000, guid: 3fe5e5b169873104ca3a52a601994ea5, type: 3}
--- !u!1 &1456171664
GameObject:
  m_ObjectHideFlags: 0
  m_CorrespondingSourceObject: {fileID: 0}
  m_PrefabInstance: {fileID: 0}
  m_PrefabAsset: {fileID: 0}
  serializedVersion: 6
  m_Component:
  - component: {fileID: 1456171666}
  - component: {fileID: 1456171665}
  m_Layer: 0
  m_Name: Directional Light
  m_TagString: Untagged
  m_Icon: {fileID: 0}
  m_NavMeshLayer: 0
  m_StaticEditorFlags: 0
  m_IsActive: 1
--- !u!108 &1456171665
Light:
  m_ObjectHideFlags: 0
  m_CorrespondingSourceObject: {fileID: 0}
  m_PrefabInstance: {fileID: 0}
  m_PrefabAsset: {fileID: 0}
  m_GameObject: {fileID: 1456171664}
  m_Enabled: 1
  serializedVersion: 8
  m_Type: 1
  m_Color: {r: 1, g: 0.95686275, b: 0.8392157, a: 1}
  m_Intensity: 0.5
  m_Range: 10
  m_SpotAngle: 30
  m_CookieSize: 10
  m_Shadows:
    m_Type: 2
    m_Resolution: -1
    m_CustomResolution: -1
    m_Strength: 1
    m_Bias: 0.05
    m_NormalBias: 0.4
    m_NearPlane: 0.2
  m_Cookie: {fileID: 0}
  m_DrawHalo: 0
  m_Flare: {fileID: 0}
  m_RenderMode: 0
  m_CullingMask:
    serializedVersion: 2
    m_Bits: 4294967295
  m_Lightmapping: 4
  m_LightShadowCasterMode: 0
  m_AreaSize: {x: 1, y: 1}
  m_BounceIntensity: 1
  m_ColorTemperature: 6570
  m_UseColorTemperature: 0
  m_ShadowRadius: 0
  m_ShadowAngle: 0
--- !u!4 &1456171666
Transform:
  m_ObjectHideFlags: 0
  m_CorrespondingSourceObject: {fileID: 0}
  m_PrefabInstance: {fileID: 0}
  m_PrefabAsset: {fileID: 0}
  m_GameObject: {fileID: 1456171664}
  m_LocalRotation: {x: 0.73971367, y: 0.2790738, z: -0.4590766, w: 0.40520394}
  m_LocalPosition: {x: -1.74, y: 3, z: -3.73}
  m_LocalScale: {x: 1, y: 1, z: 1}
  m_Children: []
  m_Father: {fileID: 0}
  m_RootOrder: 1
  m_LocalEulerAnglesHint: {x: 58.823, y: -478.876, z: -544.396}
--- !u!1001 &1475739374
PrefabInstance:
  m_ObjectHideFlags: 0
  serializedVersion: 2
  m_Modification:
    m_TransformParent: {fileID: 0}
    m_Modifications:
    - target: {fileID: 1000012111449378, guid: 0bf79e44cfc99ca41bdd8bb624ddcc74, type: 3}
      propertyPath: m_StaticEditorFlags
      value: 4294967295
      objectReference: {fileID: 0}
    - target: {fileID: 4000011332387566, guid: 0bf79e44cfc99ca41bdd8bb624ddcc74, type: 3}
      propertyPath: m_LocalPosition.x
      value: -0.383
      objectReference: {fileID: 0}
    - target: {fileID: 4000011332387566, guid: 0bf79e44cfc99ca41bdd8bb624ddcc74, type: 3}
      propertyPath: m_LocalPosition.y
      value: 0
      objectReference: {fileID: 0}
    - target: {fileID: 4000011332387566, guid: 0bf79e44cfc99ca41bdd8bb624ddcc74, type: 3}
      propertyPath: m_LocalPosition.z
      value: -0.19
      objectReference: {fileID: 0}
    - target: {fileID: 4000011332387566, guid: 0bf79e44cfc99ca41bdd8bb624ddcc74, type: 3}
      propertyPath: m_LocalRotation.x
      value: 0
      objectReference: {fileID: 0}
    - target: {fileID: 4000011332387566, guid: 0bf79e44cfc99ca41bdd8bb624ddcc74, type: 3}
      propertyPath: m_LocalRotation.y
      value: 0
      objectReference: {fileID: 0}
    - target: {fileID: 4000011332387566, guid: 0bf79e44cfc99ca41bdd8bb624ddcc74, type: 3}
      propertyPath: m_LocalRotation.z
      value: 0
      objectReference: {fileID: 0}
    - target: {fileID: 4000011332387566, guid: 0bf79e44cfc99ca41bdd8bb624ddcc74, type: 3}
      propertyPath: m_LocalRotation.w
      value: 1
      objectReference: {fileID: 0}
    - target: {fileID: 4000011332387566, guid: 0bf79e44cfc99ca41bdd8bb624ddcc74, type: 3}
      propertyPath: m_RootOrder
      value: 14
      objectReference: {fileID: 0}
    m_RemovedComponents: []
  m_SourcePrefab: {fileID: 100100000, guid: 0bf79e44cfc99ca41bdd8bb624ddcc74, type: 3}
--- !u!1001 &1818971850
PrefabInstance:
  m_ObjectHideFlags: 0
  serializedVersion: 2
  m_Modification:
    m_TransformParent: {fileID: 0}
    m_Modifications:
    - target: {fileID: 1000011041813418, guid: 1a5c9c34146ebbc42af280d68f43bd19, type: 3}
      propertyPath: m_StaticEditorFlags
      value: 4294967295
      objectReference: {fileID: 0}
    - target: {fileID: 4000014012176654, guid: 1a5c9c34146ebbc42af280d68f43bd19, type: 3}
      propertyPath: m_LocalPosition.x
      value: -0.32
      objectReference: {fileID: 0}
    - target: {fileID: 4000014012176654, guid: 1a5c9c34146ebbc42af280d68f43bd19, type: 3}
      propertyPath: m_LocalPosition.y
      value: 0
      objectReference: {fileID: 0}
    - target: {fileID: 4000014012176654, guid: 1a5c9c34146ebbc42af280d68f43bd19, type: 3}
      propertyPath: m_LocalPosition.z
      value: 0.18
      objectReference: {fileID: 0}
    - target: {fileID: 4000014012176654, guid: 1a5c9c34146ebbc42af280d68f43bd19, type: 3}
      propertyPath: m_LocalRotation.x
      value: -0.00000003774895
      objectReference: {fileID: 0}
    - target: {fileID: 4000014012176654, guid: 1a5c9c34146ebbc42af280d68f43bd19, type: 3}
      propertyPath: m_LocalRotation.y
      value: 0
      objectReference: {fileID: 0}
    - target: {fileID: 4000014012176654, guid: 1a5c9c34146ebbc42af280d68f43bd19, type: 3}
      propertyPath: m_LocalRotation.z
      value: -0
      objectReference: {fileID: 0}
    - target: {fileID: 4000014012176654, guid: 1a5c9c34146ebbc42af280d68f43bd19, type: 3}
      propertyPath: m_LocalRotation.w
      value: 1
      objectReference: {fileID: 0}
    - target: {fileID: 4000014012176654, guid: 1a5c9c34146ebbc42af280d68f43bd19, type: 3}
      propertyPath: m_RootOrder
      value: 4
      objectReference: {fileID: 0}
    m_RemovedComponents: []
  m_SourcePrefab: {fileID: 100100000, guid: 1a5c9c34146ebbc42af280d68f43bd19, type: 3}
--- !u!1001 &1859180198
PrefabInstance:
  m_ObjectHideFlags: 0
  serializedVersion: 2
  m_Modification:
    m_TransformParent: {fileID: 0}
    m_Modifications:
    - target: {fileID: 1000013067567274, guid: 74ec0c569f1dd2744923b5ac0a7f687f, type: 3}
      propertyPath: m_StaticEditorFlags
      value: 4294967295
      objectReference: {fileID: 0}
    - target: {fileID: 4000014148955798, guid: 74ec0c569f1dd2744923b5ac0a7f687f, type: 3}
      propertyPath: m_LocalPosition.x
      value: -0.303
      objectReference: {fileID: 0}
    - target: {fileID: 4000014148955798, guid: 74ec0c569f1dd2744923b5ac0a7f687f, type: 3}
      propertyPath: m_LocalPosition.y
      value: 0.00007302743
      objectReference: {fileID: 0}
    - target: {fileID: 4000014148955798, guid: 74ec0c569f1dd2744923b5ac0a7f687f, type: 3}
      propertyPath: m_LocalPosition.z
      value: -0.007
      objectReference: {fileID: 0}
    - target: {fileID: 4000014148955798, guid: 74ec0c569f1dd2744923b5ac0a7f687f, type: 3}
      propertyPath: m_LocalRotation.x
      value: 0.000000021855694
      objectReference: {fileID: 0}
    - target: {fileID: 4000014148955798, guid: 74ec0c569f1dd2744923b5ac0a7f687f, type: 3}
      propertyPath: m_LocalRotation.y
      value: 0
      objectReference: {fileID: 0}
    - target: {fileID: 4000014148955798, guid: 74ec0c569f1dd2744923b5ac0a7f687f, type: 3}
      propertyPath: m_LocalRotation.z
      value: -0
      objectReference: {fileID: 0}
    - target: {fileID: 4000014148955798, guid: 74ec0c569f1dd2744923b5ac0a7f687f, type: 3}
      propertyPath: m_LocalRotation.w
      value: 1
      objectReference: {fileID: 0}
    - target: {fileID: 4000014148955798, guid: 74ec0c569f1dd2744923b5ac0a7f687f, type: 3}
      propertyPath: m_RootOrder
      value: 11
      objectReference: {fileID: 0}
    m_RemovedComponents: []
  m_SourcePrefab: {fileID: 100100000, guid: 74ec0c569f1dd2744923b5ac0a7f687f, type: 3}
--- !u!1 &1878995231
GameObject:
  m_ObjectHideFlags: 0
  m_CorrespondingSourceObject: {fileID: 0}
  m_PrefabInstance: {fileID: 0}
  m_PrefabAsset: {fileID: 0}
  serializedVersion: 6
  m_Component:
  - component: {fileID: 1878995233}
  - component: {fileID: 1878995232}
  m_Layer: 0
  m_Name: Point Light
  m_TagString: Untagged
  m_Icon: {fileID: 0}
  m_NavMeshLayer: 0
  m_StaticEditorFlags: 0
  m_IsActive: 1
--- !u!108 &1878995232
Light:
  m_ObjectHideFlags: 0
  m_CorrespondingSourceObject: {fileID: 0}
  m_PrefabInstance: {fileID: 0}
  m_PrefabAsset: {fileID: 0}
  m_GameObject: {fileID: 1878995231}
  m_Enabled: 1
  serializedVersion: 8
  m_Type: 2
  m_Color: {r: 0.4091182, g: 0.4339623, b: 0, a: 1}
  m_Intensity: 1
  m_Range: 10
  m_SpotAngle: 30
  m_CookieSize: 10
  m_Shadows:
    m_Type: 1
    m_Resolution: -1
    m_CustomResolution: -1
    m_Strength: 1
    m_Bias: 0.05
    m_NormalBias: 0.4
    m_NearPlane: 0.2
  m_Cookie: {fileID: 0}
  m_DrawHalo: 0
  m_Flare: {fileID: 0}
  m_RenderMode: 0
  m_CullingMask:
    serializedVersion: 2
    m_Bits: 4294967295
  m_Lightmapping: 2
  m_LightShadowCasterMode: 0
  m_AreaSize: {x: 1, y: 1}
  m_BounceIntensity: 1
  m_ColorTemperature: 6570
  m_UseColorTemperature: 0
  m_ShadowRadius: 0
  m_ShadowAngle: 0
--- !u!4 &1878995233
Transform:
  m_ObjectHideFlags: 0
  m_CorrespondingSourceObject: {fileID: 0}
  m_PrefabInstance: {fileID: 0}
  m_PrefabAsset: {fileID: 0}
  m_GameObject: {fileID: 1878995231}
  m_LocalRotation: {x: 0, y: 0, z: 0, w: 1}
  m_LocalPosition: {x: 0.215, y: 1.55, z: -0.72}
  m_LocalScale: {x: 1, y: 1, z: 1}
  m_Children: []
  m_Father: {fileID: 0}
  m_RootOrder: 20
  m_LocalEulerAnglesHint: {x: 0, y: 0, z: 0}
--- !u!1001 &1951442834
PrefabInstance:
  m_ObjectHideFlags: 0
  serializedVersion: 2
  m_Modification:
    m_TransformParent: {fileID: 0}
    m_Modifications:
    - target: {fileID: 1000010937655234, guid: 06dcb61061163fd48b2b7111fa8e6e33, type: 3}
      propertyPath: m_StaticEditorFlags
      value: 4294967295
      objectReference: {fileID: 0}
    - target: {fileID: 4000014132143050, guid: 06dcb61061163fd48b2b7111fa8e6e33, type: 3}
      propertyPath: m_LocalPosition.x
      value: 2.11
      objectReference: {fileID: 0}
    - target: {fileID: 4000014132143050, guid: 06dcb61061163fd48b2b7111fa8e6e33, type: 3}
      propertyPath: m_LocalPosition.y
      value: 0
      objectReference: {fileID: 0}
    - target: {fileID: 4000014132143050, guid: 06dcb61061163fd48b2b7111fa8e6e33, type: 3}
      propertyPath: m_LocalPosition.z
      value: 0
      objectReference: {fileID: 0}
    - target: {fileID: 4000014132143050, guid: 06dcb61061163fd48b2b7111fa8e6e33, type: 3}
      propertyPath: m_LocalRotation.x
      value: 0
      objectReference: {fileID: 0}
    - target: {fileID: 4000014132143050, guid: 06dcb61061163fd48b2b7111fa8e6e33, type: 3}
      propertyPath: m_LocalRotation.y
      value: 0
      objectReference: {fileID: 0}
    - target: {fileID: 4000014132143050, guid: 06dcb61061163fd48b2b7111fa8e6e33, type: 3}
      propertyPath: m_LocalRotation.z
      value: 0
      objectReference: {fileID: 0}
    - target: {fileID: 4000014132143050, guid: 06dcb61061163fd48b2b7111fa8e6e33, type: 3}
      propertyPath: m_LocalRotation.w
      value: 1
      objectReference: {fileID: 0}
    - target: {fileID: 4000014132143050, guid: 06dcb61061163fd48b2b7111fa8e6e33, type: 3}
      propertyPath: m_RootOrder
      value: 3
      objectReference: {fileID: 0}
    - target: {fileID: 1000012946853204, guid: 06dcb61061163fd48b2b7111fa8e6e33, type: 3}
      propertyPath: m_StaticEditorFlags
      value: 4294967295
      objectReference: {fileID: 0}
    - target: {fileID: 1000010643993262, guid: 06dcb61061163fd48b2b7111fa8e6e33, type: 3}
      propertyPath: m_StaticEditorFlags
      value: 4294967295
      objectReference: {fileID: 0}
    m_RemovedComponents: []
  m_SourcePrefab: {fileID: 100100000, guid: 06dcb61061163fd48b2b7111fa8e6e33, type: 3}
--- !u!1001 &1987837685
PrefabInstance:
  m_ObjectHideFlags: 0
  serializedVersion: 2
  m_Modification:
    m_TransformParent: {fileID: 0}
    m_Modifications:
    - target: {fileID: 1000011891957680, guid: e2213544abe0a9548a2bf8428f0a1a78, type: 3}
      propertyPath: m_StaticEditorFlags
      value: 4294967295
      objectReference: {fileID: 0}
    - target: {fileID: 4000011122869336, guid: e2213544abe0a9548a2bf8428f0a1a78, type: 3}
      propertyPath: m_LocalPosition.x
      value: 0.2
      objectReference: {fileID: 0}
    - target: {fileID: 4000011122869336, guid: e2213544abe0a9548a2bf8428f0a1a78, type: 3}
      propertyPath: m_LocalPosition.y
      value: 0
      objectReference: {fileID: 0}
    - target: {fileID: 4000011122869336, guid: e2213544abe0a9548a2bf8428f0a1a78, type: 3}
      propertyPath: m_LocalPosition.z
      value: -0.063
      objectReference: {fileID: 0}
    - target: {fileID: 4000011122869336, guid: e2213544abe0a9548a2bf8428f0a1a78, type: 3}
      propertyPath: m_LocalRotation.x
      value: 0.000000021855694
      objectReference: {fileID: 0}
    - target: {fileID: 4000011122869336, guid: e2213544abe0a9548a2bf8428f0a1a78, type: 3}
      propertyPath: m_LocalRotation.y
      value: 0
      objectReference: {fileID: 0}
    - target: {fileID: 4000011122869336, guid: e2213544abe0a9548a2bf8428f0a1a78, type: 3}
      propertyPath: m_LocalRotation.z
      value: -0
      objectReference: {fileID: 0}
    - target: {fileID: 4000011122869336, guid: e2213544abe0a9548a2bf8428f0a1a78, type: 3}
      propertyPath: m_LocalRotation.w
      value: 1
      objectReference: {fileID: 0}
    - target: {fileID: 4000011122869336, guid: e2213544abe0a9548a2bf8428f0a1a78, type: 3}
      propertyPath: m_RootOrder
      value: 17
      objectReference: {fileID: 0}
    m_RemovedComponents: []
  m_SourcePrefab: {fileID: 100100000, guid: e2213544abe0a9548a2bf8428f0a1a78, type: 3}
--- !u!1001 &2012382764
PrefabInstance:
  m_ObjectHideFlags: 0
  serializedVersion: 2
  m_Modification:
    m_TransformParent: {fileID: 0}
    m_Modifications:
    - target: {fileID: 1000012695253110, guid: f5a2d19d564785d45a6207078113bcaa, type: 3}
      propertyPath: m_StaticEditorFlags
      value: 4294967295
      objectReference: {fileID: 0}
    - target: {fileID: 4000011496336782, guid: f5a2d19d564785d45a6207078113bcaa, type: 3}
      propertyPath: m_LocalPosition.x
      value: -1.873
      objectReference: {fileID: 0}
    - target: {fileID: 4000011496336782, guid: f5a2d19d564785d45a6207078113bcaa, type: 3}
      propertyPath: m_LocalPosition.y
      value: 0
      objectReference: {fileID: 0}
    - target: {fileID: 4000011496336782, guid: f5a2d19d564785d45a6207078113bcaa, type: 3}
      propertyPath: m_LocalPosition.z
      value: 0.068
      objectReference: {fileID: 0}
    - target: {fileID: 4000011496336782, guid: f5a2d19d564785d45a6207078113bcaa, type: 3}
      propertyPath: m_LocalRotation.x
      value: 0
      objectReference: {fileID: 0}
    - target: {fileID: 4000011496336782, guid: f5a2d19d564785d45a6207078113bcaa, type: 3}
      propertyPath: m_LocalRotation.y
      value: 0
      objectReference: {fileID: 0}
    - target: {fileID: 4000011496336782, guid: f5a2d19d564785d45a6207078113bcaa, type: 3}
      propertyPath: m_LocalRotation.z
      value: 0
      objectReference: {fileID: 0}
    - target: {fileID: 4000011496336782, guid: f5a2d19d564785d45a6207078113bcaa, type: 3}
      propertyPath: m_LocalRotation.w
      value: 1
      objectReference: {fileID: 0}
    - target: {fileID: 4000011496336782, guid: f5a2d19d564785d45a6207078113bcaa, type: 3}
      propertyPath: m_RootOrder
      value: 5
      objectReference: {fileID: 0}
    - target: {fileID: 1000013507065274, guid: f5a2d19d564785d45a6207078113bcaa, type: 3}
      propertyPath: m_StaticEditorFlags
      value: 4294967295
      objectReference: {fileID: 0}
    - target: {fileID: 1000013423646272, guid: f5a2d19d564785d45a6207078113bcaa, type: 3}
      propertyPath: m_StaticEditorFlags
      value: 4294967295
      objectReference: {fileID: 0}
    - target: {fileID: 1000012619185292, guid: f5a2d19d564785d45a6207078113bcaa, type: 3}
      propertyPath: m_StaticEditorFlags
      value: 4294967295
      objectReference: {fileID: 0}
    - target: {fileID: 64000014196468632, guid: f5a2d19d564785d45a6207078113bcaa,
        type: 3}
      propertyPath: m_Enabled
      value: 1
      objectReference: {fileID: 0}
    - target: {fileID: 64000014196468632, guid: f5a2d19d564785d45a6207078113bcaa,
        type: 3}
      propertyPath: m_Convex
      value: 0
      objectReference: {fileID: 0}
    m_RemovedComponents: []
  m_SourcePrefab: {fileID: 100100000, guid: f5a2d19d564785d45a6207078113bcaa, type: 3}
